% This file was created with JabRef 2.8.
% Encoding: UTF-8

@MISC{coinCBC,
  author = {Forrest, John J.},
  title = {Coin-OR Branch and Cut v2.7},
  month = {June},
  year = {2012},
  note = {https://projects.coin-or.org/Cbc},
  owner = {gidden},
  timestamp = {2012.06.29}
}

@MISC{cyclopts2012,
  author = {Gidden, M.},
  title = {Cyclopts: An Optimization Wrapper for Cyclus},
  month = {June},
  year = {2012},
  note = {https://github.com/cyclus/cyclopts},
  owner = {gidden},
  timestamp = {2012.06.29}
}

@MANUAL{vision2009,
  title = {VISION User Guide - VISION (Verifiable Fuel Cycle Simulation) Model},
  author = {Jacobson, J. J. and others},
  organization = {Idaho National Lab},
  edition = {INL/EXT-09-16645},
  year = {2009},
  owner = {gidden},
  timestamp = {2012.06.29}
}

@MASTERSTHESIS{juchau2008,
  author = {Juchau, C.},
  title = {Development of the global evaluation of nuclear infrastructure and
	utilization scenarios (GENIUS) nuclear fuel cycle systems analysis
	code},
  school = {Idaho State University},
  year = {2008},
  owner = {gidden},
  timestamp = {2012.06.30}
}

@MASTERSTHESIS{oliver2009,
  author = {Oliver, K.},
  title = {GENIUSV2: Software design and mathematical formulations for 
        multi-region discrete nuclear fuel cycle simulation and analysis},
  school = {University of Wisconsin - Madison},
  year = {2009},
  owner = {gidden},
  timestamp = {2012.06.30}
}

@MISC{cyclus2012,
  author = {Wilson, P.P.H. and Gidden, M. and Huff, K. and Carlsen, R.},
  title = {Cyclus: A Nuclear Fuel Cycle Code from the University of Wisconsin
	Madison},
  month = {June},
  year = {2012},
  note = {http://cyclus.github.com/},
  owner = {gidden},
  timestamp = {2012.06.29}
}

@book{_advanced_2006,
	title = {Advanced Nuclear Fuel Cycles and Radioactive Waste Management},
	isbn = {9789264024861},
	publisher = {{OECD}, Nuclear Energy Agency},
	month = may,
	year = {2006},
	file = {6606051e.pdf:/filespace/people/g/gidden/.zotero/zotero/r4cvjg0j.default/zotero/storage/FSA2HIV7/6606051e.pdf:application/pdf}
}

@comment{jabref-meta: selector_review:}

@comment{jabref-meta: selector_publisher:}

@comment{jabref-meta: selector_author:}

@comment{jabref-meta: selector_journal:}

@comment{jabref-meta: selector_keywords:}

