
@inproceedings{boucher_cosi:_2006,
	address = {Miami, {FL}, United States},
	title = {{"COSI":} The Complete Renewal of the Simulation Software for The Fuel Cycle Analysis},
	volume = {1},
	booktitle = {Fuel Cycle and High Level Waste Management},
	author = {Boucher, L. and Grouiller, J. P},
	publisher = {{ASME}, New York, {NY}, {USA}},
	month = jul,
	year = {2006},
	annote = {This paper describes a use case for the updated code. The {ICONE13} paper supposedly describes the actual code structure.},
	file = {cosi.pdf:/home/gidden/.zotero/zotero/c080cdlf.default/zotero/storage/Q5E7Q2SG/cosi.pdf:application/pdf}
},

@techreport{_nuclear_2011,
	title = {Nuclear Waste Assessment System for Technical Evaluation ({NUWASTE):} Status and Initial Results},
	institution = {{US} {NWTRB}},
	month = jun,
	year = {2011},
	file = {nuwaste.pdf:/home/gidden/.zotero/zotero/c080cdlf.default/zotero/storage/WEX97DBT/nuwaste.pdf:application/pdf}
}

@inproceedings{van_den_durpel_daness_2009,
	address = {Paris, France},
	title = {{DANESS} V4.2: Overview of Capabilities and Developments},
	booktitle = {Proceedings of Global 2009},
	author = {Van Den Durpel and Yacout, A. and Wade, D. and Taiwo, T. and Lauferts, U.},
	month = sep,
	year = {2009},
	file = {381_9501.pdf:/home/gidden/.zotero/zotero/c080cdlf.default/zotero/storage/6FEPDQQH/381_9501.pdf:application/pdf}
}

@MISC{cyclus2012,
  author = {Wilson, P.P.H. and Gidden, M. and Huff, K. and Carlsen, R.},
  title = {Cyclus: A Nuclear Fuel Cycle Code from the University of Wisconsin
	Madison},
  month = {June},
  year = {2012},
  note = {http://cyclus.github.com/},
  owner = {gidden},
  timestamp = {2012.06.29}
}

@article{jacobson_verifiable_2010,
	title = {Verifiable Fuel Cycle Simulation Model ({VISION):} A Tool for Analyzing Nuclear Fuel Cycle Futures},
	volume = {172},
	journal = {Nuclear Technology},
	author = {Jacobson, J. and Yacout, A. and Matthern, G. and Piet, S. and Shropshire, D. and Jeffers, R. and Schweitzer, T},
	month = nov,
	year = {2010},
	pages = {157--178},
	file = {nt_v172_n2_pp157-178.pdf:/home/gidden/.zotero/zotero/c080cdlf.default/zotero/storage/Z4EUIK25/nt_v172_n2_pp157-178.pdf:application/pdf}
}

@techreport{busquim_e_silva_system_2008,
	address = {Cambridge, {MA}, United States},
	title = {A System Dynamics Study of the Nuclear Fuel Cycle with Recycling: Options and Outcomes for the {US} and Brazil},
	number = {{MIT-NFC-TR-103}},
	institution = {{MIT} Center for Advanced Nuclear Energy Systems ({CANES)}},
	author = {Busquim e Silva, R. and Kazimi, {M.S.} and Hejzlar, P.},
	month = nov,
	year = {2008},
	keywords = {Actinide Burner Reactors ({ABR)}, Combined Non-Fertile and {UO2} Fuel ({CONFU)}, Electricity, Enrichment, Fuel Cycle, Gas-Cooled Fast Reactor ({GFR)}, Light Water Reactors ({LWR)}, Radioactive, Reactors, Reprocessing, Spent Fuel, Transuranics ({TRU)}, Uranium},
	pages = {199},
	file = {MIT-NFC-TR-103 2.pdf:/home/gidden/.zotero/zotero/c080cdlf.default/zotero/storage/WJD93ESZ/MIT-NFC-TR-103 2.pdf:application/pdf}
}

@techreport{guerin_benchmark_2009,
	title = {A Benchmark Study of  Computer Codes for System Analysis of the  Nuclear Fuel Cycle},
	number = {{MIT-NFC-TR-105}},
	institution = {{MIT}},
	author = {Guerin, L. and Van Den Durpel, L. and Dixon, B. and Boucher, L. and Kazimi, M.},
	month = apr,
	year = {2009},
	file = {BenchmarkMIT.pdf:/filespace/people/g/gidden/.zotero/zotero/r4cvjg0j.default/zotero/storage/CST6IQHE/BenchmarkMIT.pdf:application/pdf}
}

@techreport{boucher_specification_2008,
	title = {Specification for the  Benchmark Devoted to Scenario Codes},
	number = {{NEA/NSC/DOC(2007)13/REV1}},
	institution = {{OECD}, Nuclear Energy Agency},
	author = {Boucher, L.},
	month = mar,
	year = {2008},
	file = {NEA-NSC-DOC(2007)13-REV1.pdf:/filespace/people/g/gidden/.zotero/zotero/r4cvjg0j.default/zotero/storage/KCC9RQ5T/NEA-NSC-DOC(2007)13-REV1.pdf:application/pdf}
}

@techreport{boucher_benchmark_2012,
	title = {Benchmark Study on Nuclear Fuel Cycle Transition Scenarios Analysis Codes},
	number = {{NEA/NSC/WPFC/DOC(2012)16}},
	institution = {{OECD}, Nuclear Energy Agency},
	author = {Boucher, L.},
	month = jun,
	year = {2012},
	file = {nsc-wpfc-doc2012-16.pdf:/filespace/people/g/gidden/.zotero/zotero/r4cvjg0j.default/zotero/storage/6VZWXIRK/nsc-wpfc-doc2012-16.pdf:application/pdf}
}

@techreport{_international_2009,
	type = {Progress Report},
	title = {International Project on Innovative Nuclear Reactors and Fuel Cycles ({INPRO)}},
	url = {http://161.5.1.75/OurWork/NE/NENP/INPRO/publications/INPRO-ProgressReport-2009.pdf},
	urldate = {2013-01-16},
	institution = {{IAEA}},
	year = {2009},
	file = {INPRO-ProgressReport-2009.pdf:/home/gidden/.zotero/zotero/c080cdlf.default/zotero/storage/5QKS8HZJ/INPRO-ProgressReport-2009.pdf:application/pdf}
}

@techreport{_international_2011,
	type = {Progress Report},
	title = {International Project on Innovative Nuclear Reactors and Fuel Cycles ({INPRO)}},
	institution = {{IAEA}},
	year = {2011},
	file = {INPRO_Progress_Report_2011.pdf:/filespace/people/g/gidden/.zotero/zotero/r4cvjg0j.default/zotero/storage/E9S3X3CV/INPRO_Progress_Report_2011.pdf:application/pdf}
}

@misc{abkowitz_workshop_2011,
	title = {Workshop on Evaluation of Waste Streams Associated with {LWR} Fuel Cycle Options},
	url = {http://www.nwtrb.gov/meetings/2011/june/11june.html},
	journal = {Nuclear Waste Technology Review Board},
	author = {Abkowitz, Mark},
	month = jun,
	year = {2011}
}

@article{mattoon_generalized_2012,
	title = {Generalized Nuclear Data: A New Structure (with Supporting Infrastructure) for Handling Nuclear Data},
	volume = {113},
	issn = {0090-3752},
	url = {http://www.sciencedirect.com/science/article/pii/S0090375212000944},
	doi = {10.1016/j.nds.2012.11.008},
	number = {12},
	journal = {Nuclear Data Sheets},
	author = {Mattoon, C. M. and Beck, B. R. and Patel, N. R. and Summers, N. C. and Hedstrom, G. W. and Brown, D. A.},
	year = {2012},
	pages = {3145 - 3171},
	file = {1-s2.0-S0090375212000944-main.pdf:/filespace/people/g/gidden/.zotero/zotero/r4cvjg0j.default/zotero/storage/PS36SP3B/1-s2.0-S0090375212000944-main.pdf:application/pdf}
}
